@misc{registream2024,
  author       = {Clark, Jeffrey and Wen, Jie},
  title        = {RegiStream: Streamline Your Register Data Workflow},
  year         = {2024--},
  howpublished = {Available at \url{https://registream.org}}
}

@article{klein2019elabel,
  author  = {Daniel Klein},
  title   = {Extensions to the label commands},
  journal = {The Stata Journal},
  year    = {2019},
  volume  = {19},
  number  = {4},
  pages   = {176--184},
  doi     = {10.1177/1536867X19893630}
}

@article{weesie2005labeldup,
  author  = {Jeroen Weesie},
  title   = {Value label utilities: labeldup and labelrename},
  journal = {The Stata Journal},
  year    = {2005},
  volume  = {5},
  number  = {2},
  pages   = {154--161},
  doi     = {10.1177/1536867X0500500202}
}

@article{weesie2005multilingual,
  author  = {Jeroen Weesie},
  title   = {Multilingual datasets},
  journal = {The Stata Journal},
  year    = {2005},
  volume  = {5},
  number  = {2},
  pages   = {162--187},
  doi     = {10.1177/1536867X0500500203}
}

@article{iglesias2025metaxl,
  author  = {Gustavo Iglésias and Paulo Guimarães and Marta Silva},
  title   = {metaxl: A package of tools to handle metadata},
  journal = {The Stata Journal},
  year    = {2025},
  volume  = {25},
  number  = {2},
  pages   = {285--308},
  doi     = {10.1177/1536867X251341122}
}

@article{bjairkefur2020iefieldkit,
  author  = {Kristoffer Bjärkefur and Luíza {Cardoso de Andrade} and Benjamin Daniels},
  title   = {iefieldkit: Commands for primary data collection and cleaning},
  journal = {The Stata Journal},
  year    = {2020},
  volume  = {20},
  number  = {4},
  pages   = {892--915},
  doi     = {10.1177/1536867X20976321}
}

@Manual{larmarange2024labelled,
  title   = {labelled: Manipulating Labelled Data},
  author  = {Joseph Larmarange},
  year    = {2024},
  note    = {R package version 2.13.0},
  url     = {https://larmarange.github.io/labelled/}
}

@article{wilkinson2016fair,
  author  = {Mark D. Wilkinson and Michel Dumontier and IJsbrand Jan Aalbersberg and Gabrielle Appleton and Myles Axton and Arie Baak and Niklas Blomberg and Jan-Willem Boiten and Luiz Bonino {da Silva Santos} and Philip E. Bourne and Jildau Bouwman and Anthony J. Brookes and Tim Clark and Merc{\`e} Crosas and Ingrid Dillo and Olivier Dumon and Scott Edmunds and Chris T. Evelo and Richard Finkers and Alejandra Gonzalez-Beltran and Alasdair J. G. Gray and Paul Groth and Carole Goble and Jeffrey S. Grethe and Jaap Heringa and Peter A. C. {'t Hoen} and Rob Hooft and Tobias Kuhn and Ruben Kok and Joost Kok and Scott J. Lusher and Maryann E. Martone and Albert Mons and Abel L. Packer and Bengt Persson and Philippe Rocca-Serra and Marco Roos and Rene van Schaik and Susanna-Assunta Sansone and Erik Schultes and Thierry Sengstag and Ted Slater and George Strawn and Morris A. Swertz and Mark Thompson and Johan van der Lei and Erik van Mulligen and Jan Velterop and Andra Waagmeester and Peter Wittenburg and Katherine Wolstencroft and Jun Zhao and Barend Mons},
  title   = {The {FAIR} Guiding Principles for scientific data management and stewardship},
  journal = {Scientific Data},
  year    = {2016},
  volume  = {3},
  number  = {1},
  pages   = {160018},
  doi     = {10.1038/sdata.2016.18}
}

